% This file was created with JabRef 2.10.
% Encoding: UTF8


@Article{Bis15,
  Title                    = {IT-Sicherheitsgesetz hat Bundesrat passiert – Papiertiger ist verabschiedet},
  Author                   = {Anna Biselli},
  Journal                  = {Netzpolitik.org},
  Year                     = {2015},

  Url                      = {https://netzpolitik.org/2015/it-sicherheitsgesetz-hat-bundesrat-passiert-papiertiger-ist-verabschiedet/ : letzer Zugriff: 13.12.2016}
}

@Misc{GesEntw15,
  Title                    = {Gesetzentwurf der Bundesregierung (18/4096) zur Erhöhung der Sicherheit informationstechnischer Systeme (IT-Sicherheitsgesetz)},

  Author                   = {Deutscher Bundestag},
  HowPublished             = {online},
  Month                    = {02},
  Year                     = {2015},

  Abstract                 = {Gesetzentwurf der Bundesregierung Entwurf eines Gesetzes zur Erhöhung der Sicherheit informationstechnischer Systeme (IT-Sicherheitsgesetz)},
  Url                      = {http://dip21.bundestag.de/dip21/btd/18/040/1804096.pdf : letzter Zugriff: 13.12.2016}
}

@Misc{BeschEmp15,
  Title                    = {Beschlussempfehlung des Gesetzentwurfs (18/4096) zur Erhöhung der Sicherheit informationstechnischer Systeme (IT-Sicherheitsgesetz)},

  Author                   = {Innenausschuss Deutsche Bundestag},
  HowPublished             = {online},
  Month                    = {06},
  Year                     = {2015},

  Abstract                 = {Beschlussempfehlung und Bericht des Innenausschusses (4. Ausschuss) zu dem Gesetzentwurf der Bundesregierung – Drucksache 18/4096 – Entwurf eines Gesetzes zur Erhöhung der Sicherheit informationstechnischer Systeme (IT-Sicherheitsgesetz)},
  Url                      = {http://dip21.bundestag.de/dip21/btd/18/051/1805121.pdf : letzter Zugriff: 13.12.2016}
}

@Misc{NeuCCC15,
  Title                    = {Stellungnahme zum Gesetz zur Erhöhung der
Sicherheit informationstechnischer Systeme
(IT- Sicherheitsgesetz)},

  Author                   = {Linux Neumann},
  HowPublished             = {online},
  Month                    = {04},
  Year                     = {2015},

  Abstract                 = {Stellungnahme des CCC (Chaos Computer Club)},
  Company                  = {(Chaos Computer Club)},
  Url                      = {https://ccc.de/system/uploads/186/original/ITSG_Stellungnahme.pdf : letzer Zugriff: 13.12.2016}
}

